<?xml version="1.0" encoding="utf-8"?>
<record xmlns="http://www.loc.gov/MARC21/slim" xmlns:xsi="http://www.w3.org/2001/XMLSchema-instance" xsi:schemaLocation="http://www.loc.gov/MARC21/slim http://www.loc.gov/standards/marcxml/schema/MARC21slim.xsd">
	<leader>     nam a22     Mi 4500</leader>
	<controlfield tag="001">861397</controlfield>
	<controlfield tag="003">NjP</controlfield>
	<controlfield tag="006">m        d        </controlfield>
	<controlfield tag="007">cr cn |||m|||a</controlfield>
	<controlfield tag="008">201130s1908    ua      o     00  0 ara d</controlfield>
	<datafield ind1="7" ind2=" " tag="024">
		<subfield code="a">princeton_aco004454</subfield>
		<subfield code="2">local</subfield>
	</datafield>
	<datafield ind1=" " ind2=" " tag="040">
		<subfield code="a">ZYU</subfield>
		<subfield code="b">ara</subfield>
		<subfield code="c">ZYU</subfield>
	</datafield>
	<datafield ind1="1" ind2=" " tag="100">
		<subfield code="a">Raww⁻as, Muḥammad Mahd⁻i ⁻ibn ʻAl⁻i,</subfield>
		<subfield code="d">1805 or 6-1870 or 71.</subfield>
	</datafield>
	<datafield ind1="1" ind2="0" tag="240">
		<subfield code="a">Fadhlakat al-ḥaq⁻iqah f⁻i aḥk⁻am al-ṭar⁻iqah</subfield>
	</datafield>
	<datafield ind1="1" ind2="0" tag="245">
		<subfield code="a">Kit⁻ab fadhlakat al-ḥaq⁻iqah f⁻i aḥk⁻am al-ṭar⁻iqah</subfield>
		<subfield code="h">[electronic resource] /</subfield>
		<subfield code="c">li-sayyidin⁻a al-Quṭub al-ghawth Bah⁻aʼ al-D⁻in Muḥammad Mahd⁻i ⁻Al Khiz⁻am al-Ṣayy⁻ad⁻i al-Rif⁻aʻi al-Ḥusaynī al-Husn⁻i al-mushtahar bi-al-Raww⁻as.</subfield>
	</datafield>
	<datafield ind1=" " ind2=" " tag="250">
		<subfield code="6">880-01</subfield>
		<subfield code="a">Al-Ṭabʻah 1</subfield>
	</datafield>
	<datafield ind1=" " ind2=" " tag="260">
		<subfield code="a">Miṣr :</subfield>
		<subfield code="b">Maṭbaʻat ʻAl⁻i Sukkar,</subfield>
		<subfield code="c">1326 [1908]</subfield>
	</datafield>
	<datafield ind1=" " ind2=" " tag="300">
		<subfield code="a">online resource (53 p.)</subfield>
	</datafield>
	<datafield ind1=" " ind2=" " tag="500">
		<subfield code="a">Part of the Arabic Collections Online (ACO) project, contributed by Princeton University Libraries.</subfield>
	</datafield>
	<datafield ind1=" " ind2=" " tag="533">
		<subfield code="a">Electronic reproduction.</subfield>
		<subfield code="b">New York, N.Y. :</subfield>
		<subfield code="c">New York University,</subfield>
		<subfield code="d">2020.</subfield>
		<subfield code="5">NNU</subfield>
	</datafield>
	<datafield ind1=" " ind2="0" tag="650">
		<subfield code="a">Islamic law.</subfield>
		<subfield code="0">http://id.loc.gov/authorities/subjects/sh85068454</subfield>
	</datafield>
	<datafield ind1="2" ind2=" " tag="710">
		<subfield code="a">Princeton University.</subfield>
		<subfield code="b">Library.</subfield>
	</datafield>
	<datafield ind1="0" ind2=" " tag="730">
		<subfield code="a">Arabic Collections Online.</subfield>
	</datafield>
	<datafield ind1="0" ind2=" " tag="740">
		<subfield code="6">880-02</subfield>
		<subfield code="a">Fadhlakat al-ḥaqīqah fī aḥkām al-ṭarīqah.</subfield>
	</datafield>
	<datafield ind1="0" ind2="8" tag="776">
		<subfield code="i">Print version:</subfield>
		<subfield code="a">Raww⁻as, Muḥammad Mahd⁻i ⁻ibn ʻAl⁻i, 1805 or 6-1870 or 71.</subfield>
		<subfield code="t">Kit⁻ab fadhlakat al-ḥaq⁻iqah f⁻i aḥk⁻am al-ṭar⁻iqah</subfield>
		<subfield code="w">(NjP)861397</subfield>
	</datafield>
	<datafield ind1="4" ind2=" " tag="856">
		<subfield code="u">http://hdl.handle.net/2027/njp.32101064066374</subfield>
	</datafield>
	<datafield ind1="4" ind2="0" tag="856">
		<subfield code="u">http://hdl.handle.net/2333.1/bg79czq1</subfield>
	</datafield>
	<datafield ind1=" " ind2=" " tag="880">
		<subfield code="6">250-01</subfield>
		<subfield code="a">الطبعة 1</subfield>
	</datafield>
	<datafield ind1="0" ind2=" " tag="880">
		<subfield code="6">740-02</subfield>
		<subfield code="a">فذلكة الحقيقة في احكام الطريقة.</subfield>
	</datafield>
	<datafield ind1=" " ind2=" " tag="911">
		<subfield code="a">19940210</subfield>
	</datafield>
	<datafield ind1=" " ind2=" " tag="912">
		<subfield code="a">19940204000000.0</subfield>
	</datafield>
	<datafield ind1=" " ind2=" " tag="959">
		<subfield code="a">NNU</subfield>
		<subfield code="b">WEB</subfield>
		<subfield code="c">GENI</subfield>
		<subfield code="t">0</subfield>
		<subfield code="m">Electronic access</subfield>
		<subfield code="s">01</subfield>
	</datafield>
	<datafield ind1=" " ind2=" " tag="999">
		<subfield code="a">861397</subfield>
		<subfield code="s">princeton_aco004454:</subfield>
	</datafield>
	<datafield ind1=" " ind2=" " tag="979">
		<subfield code="a">(OCoLC)ocn176351999</subfield>
	</datafield>
	<datafield ind1=" " ind2=" " tag="959">
		<subfield code="a">2000-06-08 00:00:00 -0500</subfield>
	</datafield>
</record>
